<?xml version="1.0" encoding="UTF-8"?><collection xmlns="http://www.loc.gov/MARC21/slim"><record><leader>00350nam--2200133-i-4500</leader><controlfield tag="001">000021732</controlfield><controlfield tag="002">20161230</controlfield><controlfield tag="005">20161230201034</controlfield><controlfield tag="008">060222s1000------------r-----000-0-eng-d</controlfield><datafield ind1=" " ind2=" " tag="080"><subfield code="a">621.039.57</subfield></datafield><datafield ind1=" " ind2=" " tag="100"><subfield code="a">Jacobowitz, Henry</subfield></datafield><datafield ind1=" " ind2=" " tag="245"><subfield code="a">Fundamentals of nuclear energy and power reactors</subfield></datafield><datafield ind1=" " ind2=" " tag="260"><subfield code="a">New York, John F.Rider, 1959, 118 P</subfield></datafield><datafield ind1=" " ind2=" " tag="852"><subfield code="a">15076</subfield></datafield></record></collection>